@article{Warren1890,
  added-at = {2008-07-30T18:55:01.000+0200},
  author = {Warren, Samuel D. and Brandeis, Louis D.},
  journal = {Harward Law Review},
  month = {December},
  number = 5,
  pages = {193--220},
  title = {The Right to Privacy},
  volume = 4,
  year = 1890
}

@Article{Posner77,
  author = 	 {Posner, Richard A.},
  title = 	 {The Right of Privacy},
  journal = 	 {Sibley Lecture Series},
  year = 	 {1977},
  volume = 	 {22},
}

@book{Nissenbaum09,
  title={Privacy in Context: Technology, Policy, and the Integrity of Social Life},
  author={Nissenbaum, H.},
  isbn={9780804772891},
  lccn={2009026320},
  series={Stanford Law Books},
  year={2009},
  publisher={Stanford University Press}
}

@book{Foucault96,
  title={Vigiar e punir: hist{\'o}ria da viol{\^e}ncia nas pris{\~o}es},
  author={Foucault, M.},
  year={1996},
  publisher={Vozes}
}

@article{Deleuze92,
  title={Postscript on the Societies of Control},
  author={Deleuze, Gilles},
  journal={October},
  volume={59},
  pages={3--7},
  year={1992},
  publisher={JSTOR}
}

@book{Black01,
  title={IBM e o Holocausto: a alian{\c{c}}a estrat{\'e}gica entre a Alemanha nazista e a mais poderosa empresa americana},
  author={Black, E.},
  isbn={9788535207590},
  year={2001},
  publisher={Editora Campus}
}

@incollection{Mayer-Schonberger97,
 author = {Mayer-Sch\"{o}nberger, Viktor},
 chapter = {Generational Development of Data Protection in Europe},
 title = {Technology and Privacy},
 editor = {Agre, Philip E. and Rotenberg, Marc},
 year = {1997},
 isbn = {0-262-01162-X},
 pages = {219--241},
 numpages = {23},
 acmid = {275292},
 publisher = {MIT Press},
 address = {Cambridge, MA, USA},
} 

@book{Greenwald14,
  title={No Place to Hide: Edward Snowden, the NSA, and the U.S. Surveillance State},
  author={Greenwald, G.},
  isbn={9781627790741},
  year={2014},
  publisher={Henry Holt and Company}
}

@Misc{Poitras14,
  author = 	 {Laura Poitras},
  title = 	 {Citizenfour},
  howpublished = {Docummentary},
  year = 	 {2014},
}

@Misc{CulturaDeSeguranca,
  title = 	 {Cultura de Seguran√ßa: Um manual para ativistas},
  year = 	 {2001},
  note = 	 {Acessado em http://bit.ly/2wBcCDe em 11 de agosto de 2017}
}

@book{Singh04,
  title={O livro dos c{\'o}digos},
  author={Singh, S.},
  isbn={9788501055989},
  year={2004},
  publisher={RECORD}
}

@book{Kahn96,
  title={The Codebreakers: The Comprehensive History of Secret Communication from Ancient Times to the Internet},
  author={Kahn, D.},
  isbn={9781439103555},
  year={1996},
  publisher={Scribner}
}

@book{Lyon94,
  title={The Electronic Eye: The Rise of Surveillance Society},
  author={Lyon, D.},
  isbn={9781452901732},
  year={1994},
  publisher={University of Minnesota Press}
}

@book{Lyon05,
  title={Surveillance as Social Sorting: Privacy, Risk and Automated Discrimination},
  author={Lyon, D.},
  isbn={9781134469048},
  year={2005},
  publisher={Taylor \& Francis}
}

@book{Bauman14,
  title={Vigil{\^a}ncia L{\'\i}quida},
  author={Bauman, Z.},
  isbn={9788537811771},
  year={2014},
  publisher={Zahar}
}

@inproceedings{DeCanniere06,
 author = {De Canni\`{e}re, Christophe},
 title = {Trivium: A Stream Cipher Construction Inspired by Block Cipher Design Principles},
 booktitle = {Proceedings of the 9th International Conference on Information Security},
 series = {ISC'06},
 year = {2006},
 isbn = {3-540-38341-7, 978-3-540-38341-3},
 location = {Samos Island, Greece},
 pages = {171--186},
 numpages = {16},
 doi = {10.1007/11836810_13},
 acmid = {2079946},
 publisher = {Springer-Verlag},
 address = {Berlin, Heidelberg},
}

@article{Rivest16,
  author    = {Ronald L. Rivest and
               Jacob C. N. Schuldt},
  title     = {Spritz - a spongy RC4-like stream cipher and hash function},
  journal   = {{IACR} Cryptology ePrint Archive},
  volume    = {2016},
  pages     = {856},
  year      = {2016},
}

@Inbook{Fluhrer01,
   author="Fluhrer, Scott and Mantin, Itsik and Shamir, Adi",
   editor="Vaudenay, Serge and Youssef, Amr M.",
   title="Weaknesses in the Key Scheduling Algorithm of RC4",
   bookTitle="Selected Areas in Cryptography: 8th Annual International Workshop, SAC 2001 Toronto, Ontario, Canada, August 16--17, 2001 Revised Papers",
   year="2001",
   publisher="Springer Berlin Heidelberg",
   address="Berlin, Heidelberg",
   pages="1--24",
   isbn="978-3-540-45537-0",
   doi="10.1007/3-540-45537-X_1"
}

@article{Goldwasser84,
    title = "Probabilistic encryption",
    journal = "Journal of Computer and System Sciences",
    volume = "28",
    number = "2",
    pages = "270 - 299",
    year = "1984",
    issn = "0022-0000",
    doi = "http://dx.doi.org/10.1016/0022-0000(84)90070-9",
    author = "Shafi Goldwasser and Silvio Micali",
}

@article{Blum84,
    author = {Blum, Manuel and Micali, Silvio},
    title = {How to Generate Cryptographically Strong Sequences of Pseudo-random Bits},
    journal = {SIAM J. Comput.},
    issue_date = {Nov. 1984},
    volume = {13},
    number = {4},
    month = nov,
    year = {1984},
    issn = {0097-5397},
    pages = {850--864},
    numpages = {15},
     doi = {10.1137/0213053},
     acmid = {2068},
     publisher = {Society for Industrial and Applied Mathematics},
     address = {Philadelphia, PA, USA},
}

@inproceedings{Yao82,
   author = {Yao, Andrew C.},
   title = {Theory and Application of Trapdoor Functions},
   booktitle = {Proceedings of the 23rd Annual Symposium on Foundations of Computer Science},
   series = {SFCS '82},
   year = {1982},
   pages = {80--91},
   numpages = {12},
    doi = {10.1109/SFCS.1982.95},
    acmid = {1382790},
    publisher = {IEEE Computer Society},
    address = {Washington, DC, USA},
} 
